%% This BibTeX bibliography file was created using BibDesk.
%% http://bibdesk.sourceforge.net/


%% Created for Elena Vaiksnoraite at 2019-01-29 12:08:43 +0100 


%% Saved with string encoding Unicode (UTF-8) 

@Article{vds92,
  author = 	 {Rob van der Sandt},
  title = 	 {Presupposition Projection as Anaphora Resolution},
  journal = {{Journal of Semantics}},
  year = 	 1992,
  volume =	 9,
  pages =        {333-377}
}

@InProceedings{heim83,
  author = 	 {Heim, Irene},
  title = 	 {On the projection problem for presuppositions},
  booktitle =	 {{West Coast Conference on Formal Linguistics (WCCFL)} 2},
  pages =	 {114-125},
  year =	 1983,
  editor =	 {Barlow, Michael and Dan Flickinger and Michael Westcoat}
}

@incollection{tonhauser-prosody,
  author = {Judith Tonhauser},
  title = {Prosody and meaning: {O}n the production, perception and comprehension of prosodically realized focus},
  booktitle = {Handbook of Experimental Semantics and
Pragmatics},
  year = {2019},
  pages = {},
  editor = {Cummins, Chris and Naopoleon Katsos}, 
  publisher = {Oxford: Oxford University Press}}
  
@InProceedings{tonhauser-etal-sub26,
  author = 	 {Tonhauser, Judith and Marie-Catherine de Marneffe and {Shari R.} Speer and Jon Stevens},
  title = 	 {On the information structure sensitivity of projective content},
  booktitle = {Sinn und Bedeutung 26},
  year = 	 2019}

@Article{romoli2015,
  author = 	 {Romoli, Jacopo},
  title = 	 {The presuppositions of soft triggers are obligatory scalar implicatures},
  journal = 	 {Journal of Semantics},
  year = 	 2015,
  volume = 	 32,
  pages = 	 {173-291}}
  
@Manual{beckman-ayers97,
  title = 	 {Guidelines for {T}o{B}{I} labelling, version 3.0},
  author = 	 {Beckman, Mary E. and {Gayle M.} Ayers},
  organization = {The Ohio State University},
  year = 	 1997,
  url = 	 {http://www.ling.ohio-state.edu/~tobi/ame_tobi/labelling_guide_v3.pdf}}


@Article{cooper-etal1985,
  author = 	 {Cooper, William E. and Stephen Eady and {Pamela R.} Mueller},
  title = 	 {Acoustical aspects of contrastive stress in question-answer contexts},
  journal = 	 {Journal of the Acoustical Society of America},
  year = 	 1985,
  volume =	 77,
  pages =	 {2142-2156}
}

@Article{eady-cooper1986,
  author = 	 {Eady, Stephen and William E. Cooper},
  title = 	 {Speech intonation and focus location in matched statements and questions},
  journal = 	 {Journal of the Acoustical Society of America},
  year = 	 1986,
  volume =	 80,
  pages =	 {402-415}
}

@InProceedings{abusch02,
  author = 	 {Abusch, Dorit},
  title = 	 {Lexical alternatives as a source of pragmatic presupposition},
  booktitle = {{Semantics and Linguistic Theory (SALT) 12}},
  pages = 	 {1-19},
  year = 	 2002,
  editor =	 {Jackson, Brendan},
  publisher = {Ithaca, NY: CLC Publications}
  }
  
@book{chierchia1990,
	Author = {Chierchia, Gennaro and Sally McConnell-Ginet},
	Date-Added = {2019-01-29 12:05:53 +0100},
	Date-Modified = {2019-01-29 12:08:23 +0100},
	Publisher = {MIT Press, Cambridge.},
	Title = {Meaning and Grammar: An introduction to semantics},
	Year = {1990}}

@article{abrusan2011predicting,
	Author = {Abrus{\'a}n, M{\'a}rta},
	Journal = {Linguistics and Philosophy},
	Number = {6},
	Pages = {491--535},
	Publisher = {Springer},
	Title = {Predicting the presuppositions of soft triggers},
	Volume = {34},
	Year = {2011}}

@article{abrusan2016presupposition,
	Author = {Abrus{\'a}n, M{\'a}rta},
	Journal = {Natural Language Semantics},
	Number = {2},
	Pages = {165--202},
	Publisher = {Springer},
	Title = {Presupposition cancellation: explaining the `soft--hard'trigger distinction},
	Volume = {24},
	Year = {2016}}

@article{abusch2010presupposition,
	Author = {Abusch, Dorit},
	Journal = {Journal of Semantics},
	Number = {1},
	Pages = {37--80},
	Publisher = {Oxford University Press},
	Title = {Presupposition triggering from alternatives},
	Volume = {27},
	Year = {2010}}

@article{cummins-rohde-2015,
	Author = {Cummins, Chris and Rohde, Hannah},
	Journal = {Frontiers in Psychology},
	Pages = {1779},
	Publisher = {Frontiers},
	Title = {Evoking context with contrastive stress: Effects on pragmatic enrichment},
	Volume = {6},
	Year = {2015}}

@inproceedings{djarv2017prosodic,
	Author = {Dj{\"a}rv, Kajsa and Bacovcin, Hezekiah Akiva},
	Booktitle = {{Semantics and Linguistic Theory (SALT) 27}},
	Pages = {116--133},
	Title = {Prosodic effects on factive presupposition projection},
	Year = {2017},
    editor = {Burgdorf, Dan and Jacob Collard and Sireemas Maspong and Brynhildur Stef\'{a}nsd\'{o}ttir}
	}

@inproceedings{tonhauser-2016,
	Author = {Tonhauser, Judith},
	Booktitle = {{Semantics and Linguistic Theory (SALT) 26}},
	Pages = {934--960},
	Title = {Prosodic cues to presupposition projection},
	Year = {2016},
	Editor = {Moroney, Mary and Carol-Rose Little and Jacob Collard and Dan Burgdorf}
	}

@article{beaver2010have,
	Author = {Beaver, David},
	Journal = {Presuppositions and discourse: Essays offered to Hans Kamp},
	Pages = {65},
	Publisher = {Elsevier Oxford, UK},
	Title = {Have you noticed that your belly button lint colour is related to the colour of your clothing},
	Volume = {21},
	Year = {2010}}

@article{simons2017best,
	Author = {Simons, Mandy and Beaver, David and Roberts, Craige and Tonhauser, Judith},
	Journal = {Discourse Processes},
	Number = {3},
	Pages = {187--206},
	Publisher = {Taylor \& Francis},
	Title = {The best question: Explaining the projection behavior of factives},
	Volume = {54},
	Year = {2017}}

@article{cooper1985acoustical,
	Author = {Cooper, William E and Eady, Stephen J and Mueller, Pamela R},
	Journal = {The Journal of the Acoustical Society of America},
	Number = {6},
	Pages = {2142--2156},
	Publisher = {ASA},
	Title = {Acoustical aspects of contrastive stress in question--answer contexts},
	Volume = {77},
	Year = {1985}}

@article{breen2010acoustic,
	Author = {Breen, Mara and Fedorenko, Evelina and Wagner, Michael and Gibson, Edward},
	Journal = {Language and Cognitive Processes},
	Number = {7-9},
	Pages = {1044--1098},
	Publisher = {Taylor \& Francis},
	Title = {Acoustic correlates of information structure},
	Volume = {25},
	Year = {2010}}

@book{ladd2008intonational,
	Author = {Ladd, D. Robert},
	Publisher = {Cambridge University Press},
	Title = {Intonational phonology},
	Year = {2008}}

@InProceedings{heim1983projection,
	Author = {Heim, Irene},
	BookTitle = {Formal semantics -- The essential readings},
	Pages = {249--260},
	Title = {On the projection problem for presuppositions},
	Year = {1983},
	Editor = {Portner, Paul and Barbara H. Partee}
	}

@article{van1992presupposition,
	Author = {Van der Sandt, Rob A},
	Journal = {Journal of semantics},
	Number = {4},
	Pages = {333--377},
	Publisher = {Oxford University Press},
	Title = {Presupposition projection as anaphora resolution},
	Volume = {9},
	Year = {1992}}

@article{syrett2013prosodic,
	Author = {Syrett, Kristen and Simon, Georgia and Nisula, Kirsten},
	Publisher = {GLSA (University of Massachusetts)},
	Title = {Prosodic disambiguation of scopally ambiguous sentences},
	Year = {2013}}

@article{clopper2013prosody,
	Author = {Clopper, Cynthia G and Tonhauser, Judith},
	Journal = {International Journal of American Linguistics},
	Number = {2},
	Pages = {219--251},
	Publisher = {University of Chicago Press Chicago, IL},
	Title = {The prosody of focus in Paraguayan Guaran{\'\i}},
	Volume = {79},
	Year = {2013}}

@article{beckman1997guidelines,
	Author = {Beckman, Mary E. and Ayers, Gayle},
	Journal = {The OSU Research Foundation},
	Pages = {30},
	Title = {Guidelines for {ToBI} labelling},
	Volume = {3},
	Year = {1997}}

@article{gussenhoven1983testing,
	Author = {Gussenhoven, Carlos},
	Journal = {Language and speech},
	Number = {1},
	Pages = {61--80},
	Publisher = {Sage Publications Sage CA: Thousand Oaks, CA},
	Title = {Testing the reality of focus domains},
	Volume = {26},
	Year = {1983}}

@article{rooth1992theory,
	Author = {Rooth, Mats},
	Journal = {Natural language semantics},
	Number = {1},
	Pages = {75--116},
	Publisher = {Springer},
	Title = {A theory of focus interpretation},
	Volume = {1},
	Year = {1992}}

@article{karttunen1971some,
	Author = {Karttunen, Lauri},
	Journal = {Research on Language \& Social Interaction},
	Number = {1},
	Pages = {55--69},
	Publisher = {Taylor \& Francis},
	Title = {Some observations on factivity},
	Volume = {4},
	Year = {1971}}

@article{schwarzschild1999givenness,
	Author = {Schwarzschild, Roger},
	Journal = {Natural language semantics},
	Number = {2},
	Pages = {141--177},
	Publisher = {Springer},
	Title = {GIVENness, AvoidF and other constraints on the placement of accent},
	Volume = {7},
	Year = {1999}}

@article{ito2006using,
	Author = {Ito, Kiwako and Speer, Shari R},
	Journal = {Methods in empirical prosody research},
	Pages = {229--257},
	Publisher = {Mouton de Gruyter Berlin},
	Title = {Using interactive tasks to elicit natural dialogue},
	Year = {2006}}

@article{eady1986speech,
	Author = {Eady, Stephen J and Cooper, William E},
	Journal = {The Journal of the Acoustical Society of America},
	Number = {2},
	Pages = {402--415},
	Publisher = {ASA},
	Title = {Speech intonation and focus location in matched statements and questions},
	Volume = {80},
	Year = {1986}}

@book{chierchia2000meaning,
	Author = {Chierchia, Gennaro and McConnell-Ginet, Sally},
	Publisher = {MIT press},
	Title = {Meaning and grammar: An introduction to semantics},
	Year = {2000}}

@phdthesis{pierrehumbert1980phonology,
	Author = {Pierrehumbert, Janet Breckenridge},
	School = {Massachusetts Institute of Technology},
	Title = {The phonology and phonetics of English intonation},
	Year = {1980}}

@article{boersma2002praat,
	Author = {Boersma, Paul and others},
	Journal = {Glot international},
	Title = {Praat, a system for doing phonetics by computer},
	Volume = {5},
	Year = {2002}}

@article{roberts1996information,
	Author = {Roberts, Craige},
	Publisher = {Ohio State University. Department of Linguistics},
	Title = {Information structure in discourse: Towards an integrated formal theory of pragmatics},
	Year = {1996}}

@article{team2012audacity,
	Author = {Team, Audacity},
	Journal = {Audio editor and recorder},
	Title = {Audacity (Version 2.0. 0)},
	Year = {2012}}
	
@article{boersma2011praat,
  title={Praat version 5.2. 21},
  author={Boersma, Paul and Weenink, David},
  journal={Online: http://www. fon. hum. uva. nl/praat/download\_win. html, retrieved on},
  volume={30},
  year={2011}}	
	
@book{ladd2008intonational,
  title={Intonational phonology},
  author={Ladd, D Robert},
  year={2008},
  publisher={Cambridge University Press}
}

@article{bates2007lme4,
  title={The lme4 package},
  author={Bates, Douglas and Sarkar, Deepayan and Bates, Maintainer Douglas and Matrix, L},
  journal={R package version},
  volume={2},
  number={1},
  pages={74},
  year={2007}
}
@article{team2013r,
  title={R: A Language and Environment for Statistical Computing},
  author={{R Core Team}, },
  year={2014},
  publisher={Vienna, Austria},
  url = {http://www.R-project.org}
}
@incollection{pierrehumbert1990meaning,
  title={The meaning of intonational contours in the interpretation of discourse},
  author={Pierrehumbert, Janet and Hirschberg, Julia Bell},
  booktitle={Intentions in communication},
  pages={271--311},
  year={1990}
}
@article{ladd2003sagging,
  title={``{S}agging transitions'' between high pitch accents in {E}nglish: {E}xperimental evidence},
  author={Ladd, D. Robert and Schepman, Astrid},
  journal={Journal of Phonetics},
  volume={31},
  number={1},
  pages={81--112},
  year={2003},
  publisher={Elsevier}
}
@article{calhoun2012theme,
  title={The theme/rheme distinction: Accent type or relative prominence?},
  author={Calhoun, Sasha},
  journal={Journal of Phonetics},
  volume={40},
  number={2},
  pages={329--349},
  year={2012},
  publisher={Elsevier}
}
@inproceedings{vaiksnoraite-etal-2018,
	Author = {Vaik\v{s}norait\.{e}, Elena and de Marneffe, Marie-Catherine and Tonhauser, Judith},
	Booktitle = {{NELS 49}},
	Pages = {241--254},
	Title = {On the prosody of presupposition projection: A production experiment},
	Year = {2019},
	Editor = {Baird, Maggie and Pesetsky, Jonathan}
	}
@inproceedings{stevens-etal-2017,
  title={Rational use of prosody predicts projection in manner adverb utterances.},
  author={Stevens, Jon and de Marneffe, Marie-Catherine and Speer, Shari R and Tonhauser, Judith},
  booktitle={CogSci},
  year={2017}
}